@book{eisenbud1995commutative,
  title={Commutative Algebra: With a View Toward Algebraic Geometry},
  author={Eisenbud, David},
  isbn={9780387942698},
  lccn={94017351},
  series={Graduate Texts in Mathematics},
  year={1995},
  publisher={Springer}
}

@book{atiyah1994introduction,
  title={Introduction To Commutative Algebra},
  author={Atiyah, M.F. and MacDonald, I.G.},
  isbn={9780813345444},
  series={Addison-Wesley series in mathematics},
  year={1994},
  publisher={Avalon Publishing}
}

@misc{milneAG,
author={Milne, James S.},
title={Algebraic Geometry (v6.02)},
year={2017},
note={Available at www.jmilne.org/math/},
pages={221}}